@inproceedings{Azzopardi,
author={Azzopardi Leif, Diane Kelly, and Kathy Brennan},
title={How query cost affects search behavior},
booktitle={Proceedings of the 36th international ACM SIGIR conference on Research and development in information retrieval}
publisher={ACM},
year={2013}

},

@article{Charnov,
author={ Charnov, Eric L.},
title={Optimal foraging, the marginal value theorem},
journal={Theoretical population biology},
year={1967},
volume={9.2},
pages={129-136}

},

@article{Pirolli,
author={Pirolli Peter, Stuart Card},
title={Information foraging},
journal={Psychological review},
year={1999},
volume={106.4},
number={643}

},
